2786 4822
292 459 347 538 ·1·:
374 465 577 538 ersr'o
605 480 628 536 t
655 482 679 534 a
707 469 751 536 ss
943 479 1015 558 179

55 577 557 700 gare(1)'?Qsinoluerit
594 611 668 665 nos
709 611 731 661 a
771 577 990 661 foederibus
1025 573 1062 658 bt

55 679 297 760 societatibus
323 684 519 761 inhoneste
544 680 761 760 discedere?
786 683 839 763 Et
863 678 965 780 quast
983 701 1062 755 non

55 778 518 880 intelligamus'quorsum
547 780 700 859 evasura
724 778 789 858 sua
813 777 915 859 foret
938 784 1063 854 inten·

54 877 109 970 rio¹
126 875 349 955 facultatem
367 879 479 958 nobis
500 881 704 980 colligandi
722 880 765 960 in
786 877 971 974 posterum
995 878 1064 951 du·

52 978 160 1051 vre‘rit'
175 975 386 1072 specialiter
412 977 661 1056 inhibendum
677 971 702 1058 ἓ,
728 978 882 1082 Quique
909 976 1062 1072 petierit

57 1076 153 1167 quod
182 1098 340 1152 centum
366 1078 512 1154 nostros
536 1077 660 1156 'Cives
706 1074 853 1155 volebat
890 1077 1063 1167 eligere,

56 1173 88 1247 ἀ·
115 1173 277 1269 totidem
302 1174 349 1248 de
377 1172 534 1269 'lingulis
553 1178 639 1252 aliis
666 1175 800 1252 nostris
838 1177 875 1253 &
910 1173 1063 1264 colliga·

58 1283 178 1344 torum
224 1272 439 1352 nostrorum
471 1273 706 1372 *Civitatibus
745 1274 973 1364 nominare,
997 1270 1063 1366 qni

56 1361 232 1462 supplices
259 1374 304 1446 ad
333 1369 698 1464 praesentiam-suae
724 1369 937 1452 sanctitatis
961 1391 1064 1444 acce-

56 1464 185 1544 derent
223 1465 518 1566 misericordiam
556 1471 736 1567 petituri,
765 1470 905 1570 quique
926 1466 979 1540 de
1000 1463 1063 1558 ob-

58 1559 541 1660 servandis.in'·iungeudis
573 1569 816 1666 poenitentiis
843 1563 1064 1652 solemniter

57 1661 328 1757 obligarentur.
354 1666 624 1744 Scimus'terte
650 1667 752 1766 quod
781 1690 860 1768 nou
890 1663 1078 1751 Codros,'

59 1763 143 1833 nors*
173 1759 332 1840 Curios*
362 1767 455 1842 non'
492 1763 679 1842 Fabricios
712 1759 962 1854 nominasset,
999 1758 1063 1836 sed

58 1855 197 1936 Crall'os
216 1864 343 1955 potius
360 1915 372 1956 ,
388 1865 446 1956 (ι)
463 1863 604 1956 Cetos,
623 1866 659 1940 dt
683 1865 824 1942 Darios
839 1863 1063 1938 eleslututn.

59 1953 239 2040 Sed-liam
261 1965 501 2058 omittamus.
527 1960 731 2040 Manifesto
759 1959 914 2060 quidem
953 1981 1064 2052 cupe-

58 2056 220 2132 rimenco
244 2059 475 2153 percepimus
499 2059 602 2136 hunc
623 2057 767 2140 Christi
793 2062 988 2140 vicarium
1002 2075 1062 2150 pa·

59 2173 135 2226 tem
160 2153 266 2230 labiis
287 2157 521 2251 praedicare,
545 2181 609 2236 cor
645 2181 775 2236 autem
813 2156 926 2236 suum
950 2157 1065 2246 longe

58 2277 77 2326 a
99 2255 299 2330 concordia
324 2257 511 2332 retinere.
537 2255 585 2352 In
611 2258 724 2332 illum
751 2273 997 2336 convertatur·
1019 2255 1066 2326 il·

59 2354 91 2424 le
109 2349 233 2428 'vester
248 2349 476 2448 gravissimus
498 2354 601 2431 stilus
616 2374 628 2448 ;
651 2352 999 2442 illeeuhortandus
1017 2351 1065 2426 ad
1082 2357 1083 2360 ’

59 2454 181 2542 pacem
203 2451 284 2545 esi,
310 2454 586 2548 quammultis
617 2445 986 2546 tergiversationibus
1010 2443 1063 2524 e's·

59 2544 154 2640 sugit
182 2545 410 2628 decessisse.
436 2551 600 2628 Scimus
621 2549 773 2628 dubiam
810 2546 957 2642 semper
993 2542 1066 2621 eise

60 2647 243 2724 vidoriam
265 2651 301 2727 dt
325 2649 371 2721 de
393 2673 437 2724 ea
456 2651 650 2726 neminem
677 2646 807 2746 posse,
825 2644 895 2722 nist
935 2645 1065 2722 totali·

60 2765 112 2819 rer
139 2746 274 2823 deletis
292 2743 456 2824 hostibus
464 2748 672 2844 ,gloriare
713 2747 867 2826 Scimus
890 2742 1066 2844 equidem

592 2843 759 2928 ΙΜ2,;
844 2887 849 2898 .
938 2837 1020 2953 post

60 2985 1068 3014 maman-au·-

63 3047 207 3132 <alnae
245 3050 322 3114 sunt
367 3049 532 3116 conditio·
626 3048 713 3136 quod
737 3049 831 3131 urbes
855 3045 1066 3132 quampluri-

99 3155 171 3208 nes‚
195 3155 278 3218 quas
296 3137 437 3221 petebat
452 3141 532 3202 lon·
572 3161 580 3216 '.
626 3155 696 3200 mas
713 3129 876 3200 Ecclesiae
900 3130 941 3196 nd
959 3129 1067 3194 rebel·

99 3218 181 3286 tiser
224 3237 262 3284 ut
302 3241 421 3304 pacem
458 3221 544 3286 Flo·.
621 3213 1067 3286 'liooemexscitaverant‚

97 3307 267 3378 reatinis,
291 3304 436 3390 aliisque
464 3304 533 3374 soe-

96 3388 215 3454 detatis
233 3390 449 3457 concederet.

597 3307 609 3380 ,’
626 3303 661 3372 &
683 3303 811 3382 adhuc,
836 3297 892 3364 nist
912 3298 1066 3365 Pontifex

625 3405 750 3474 aequas
776 3385 986 3450 conditiones
1008 3379 1067 3448 da·

57 3469 112 3553 1²)
128 3475 266 3540 Scilicet
282 3497 346 3538 non
366 3471 530 3562 pauperes
621 3485 696 3548 ret,
716 3475 752 3538 in
769 3469 954 3536 rebellione
973 3487 1069 3533 tene·

99 3556 270 3646 &egenos
289 3561 401 3633 cives,
418 3565 529 3628 vetum

98 3641 303 3729 locupletes,
330 3642 366 3711 ἀ
395 3665 437 3711 ex
462 3646 532 3731 pri·

99 3731 208 3806 mariis
226 3730 410 3796 Civitatis.
448 3737 533 3802 Nam

99 3809 243 3879 Pontifex
268 3815 302 3878 in
321 3816 532 3882 Florentinos
580 3836 603 3884 ἓ-

102 3894 149 3974 ira
184 3889 451 3990 exardescebat,
491 3919 553 3967 cow

615 3561 729 3626 'bant.¹
754 3557 1067 3708 {nareauteqmm

626 3665 744 3732 pacem
788 3656 938 3706 'emerent
953 3673 967 3711 ·‚
993 3638 1069 3704 *Flo-

585 3771 590 3802 2
625 3730 754 3804 centini
783 3727 902 3798 sustu,
938 3737 1069 3788 cetero·

625 3833 764 3896 rumque
820 3809 1067 3875 foederatorum

625 3897 839 3967 securitatem
849 3894 1067 3980 quaerebant·
