2826 4814
363 385 418 466 40
578 341 808 450 Couuott
833 370 1104 452 sat-uram

305 501 542 602 cumspeilio
584 503 707 580 redire
743 493 1347 610 frne'motacdispendiotdigm.
1402 579 1403 594 Ν

317 627 368 676 tet
379 629 445 680 ur.
473 603 659 682 videntes
690 623 819 678 atttetn
838 619 913 676 vos·
936 595 1122 684 inbuius
1158 591 1345 678 disceii'to-
1402 613 1403 660 ι

312 703 373 775 nis
387 699 581 798 propofito
599 699 823 776 inexorabili
842 695 1098 789 obduratum,
1123 687 1345 776 &sentien-

312 822 370 874 tes
391 799 468 878 hoc
496 797 586 874 ferri
610 789 986 892 molestiffime,stcut
1001 793 1124 882 decet,
1147 815 1214 886 pet
1238 813 1347 898 prae·
1402 801 1403 820 ³

310 893 382 972 sati
394 898 509 974 nostri
527 897 694 974 Domini
708 897 954 992 sanititatem
966 943 982 986 a
1008 889 1218 974 utfuturit.
1236 891 1356 972 scarn-

310 993 405 1070 dalis
433 1019 675 1092 occurram-ut
688 1049 701 1090 ,
737 997 887 1084 iterum,
907 992 1139 1080 decrevimus
1182 1010 1249 1070 ros
1295 994 1347 1072 ad

241 1121 244 1128 ¹
309 1094 413 1170 idem
439 1117 572 1172 tenore
599 1091 857 1190 praesentium
890 1089 1104 1168 exhortari.
1130 1089 1218 1168 Nec
1245 1096 1346 1170 latet
1403 1095 1404 1138 ³

309 1215 380 1270 nos
394 1246 407 1288 ,
433 1219 546 1292 quam
573 1193 728 1270 difficile
754 1189 799 1268 stt
834 1189 1033 1278 confilium
1062 1188 1160 1267 tanti
1193 1211 1347 1288 tempo·
1403 1201 1404 1252 Τ

308 1293 359 1368 ris
376 1293 601 1368 immutare.
628 1291 706 1368 Sed.
728 1291 815 1388 quia
830 1309 976 1365 tentata
1000 1286 1145 1383 saepius
1166 1291 1346 1386 aliquan·

310 1389 360 1468 do
385 1391 545 1487 veniunt
567 1391 613 1468 ad
632 1387 828 1486 effeiium,
855 1387 1001 1480 &haec
1018 1389 1176 1464 materia
1199 1387 1344 1468 statum

309 1491 435 1583 tangit
463 1485 685 1568 universalis
709 1483 898 1566 Ecclesiae
915 1505 936 1580 ,ὁ
951 1512 1007 1578 ao
1030 1508 1158 1572 totum
1186 1485 1345 1585 Corpus
1404 1501 1405 1582 ς

309 1586 397 1664 fidei
413 1583 650 1664 Christianae
664 1606 677 1678 ;
692 1588 935 1686 experiemur
962 1587 1106 1662 iterum
1129 1639 1157 1682 „
1180 1609 1226 1666 ut
1244 1613 1345 1668 vost

308 1686 411 1782 quod
436 1711 524 1763 cum
551 1685 688 1764 rubore
709 1687 896 1764 dicimus:
918 1685 965 1760 ad
997 1685 1096 1760 viam
1127 1687 1339 1782 veritatis,

310 1785 528 1866 &iustitiae
543 1785 790 1861 reducamus.
817 1782 973 1870 Nantft
1004 1783 1341 1878 impetraverimus

309 1883 412 2054 ouod
439 1905 644 1977 optamus,
668 1879 923 1974 firmabuntur
952 1903 1099 1961 mentes
1133 1878 1335 1966 fidelium..
1405 1953 1406 1978 ,

306 2005 437 2078 ¹rquae
460 1981 616 2075 poliunt,
641 1983 682 2055 in
708 2003 818 2058 tanto
843 1981 1095 2154 Princilpum,
1120 1989 1157 2065 dc
1174 1990 1334 2078 populo·

308 2095 395 2168 tum
424 2078 607 2157 consensu
629 2079 676 2154 dt
702 2078 845 2158 iustitia
874 2104 961 2174 prae
981 2082 1035 2156 ati
1057 2080 1175 2159 nostri
1194 2083 1335 2164 Domi·

310 2179 351 2268 ni
380 2177 574 2256 dubitare.
600 2176 811 2274 Auferetur
835 2206 857 2256 a
880 2179 985 2257 vobis
1006 2181 1131 2256 omnis
1155 2180 1335 2262 infamiae

307 2281 482 2373 matula,
507 2301 646 2376 quant,
664 2281 765 2360 ultra
791 2301 904 2377 quam
941 2273 1097 2356 forlitan
1126 2279 1336 2360 arbittctnb

310 2377 350 2451 'ni
365 2377 660 2476 ,}·contraxistis,
685 2382 722 2456 dt
751 2377 790 2452 in
815 2378 984 2470 meliotis
1000 2373 1238 2470 splendorem
1249 2386 1333 2477 glo

307 2476 384 2553 tiae
405 2499 674 2554 convertetur.
703 2477 757 2554 Et
780 2499 824 2552 ut
845 2470 1051 2573 aliquando
1075 2480 1334 2575 quod-inter.-

308 2576 433 2649 dimus
471 2576 731 2668 attingamus.
773 2573 862 2653 Post
885 2577 1130 2673 ¹creationem
1175 2577 1334 2674 praefat·

308 2671 459 2761 Summi
475 2671 673 2764 Pontificis
691 2675 869 2760 canonice
886 2667 1009 2766 „ficut
1050 2696 1250 2775 tenemus,
1276 2705 1333 2756 vt.

309 2767 468 2870 stratum
497 2772 710 2848 litterarum
743 2769 958 2849 testimonio
980 2774 1228 2871 celebratam,
1255 2778 1334 2874 post

293 2869 569 2960 ,coronationis
592 2866 803 2964 solemnia,
831 2869 911 2966 post
939 2870 1263 2972 consectationem
1293 2885 1331 2954 in

308 2967 506 3064 plaudenti
532 2971 681 3062 populo,
697 2966 857 3062 fastam,
882 2968 963 3064 post
982 2969 1156 3049 infinitos
1192 2979 1291 3054 ιιᾶιιι
1317 3019 1331 3070 ,

311 3068 348 3142 dt
378 3065 568 3160 publicos,
594 3071 631 3144 dt
659 3070 856 3162 privatos,
882 3069 923 3142 in
947 3067 1081 3167 quibus
1099 3097 1185 3167 vos,
1213 3079 1251 3156 dt
1271 3077 1333 3152 tlii

311 3161 378 3236 fibi
389 3165 832 3266 collegialtterastitiliis,
855 3191 952 3266 quae
975 3167 1171 3265 noqueunt
1186 3173 1334 3271 nifrpet

254 3291 256 3294 ·
311 3261 488 3350 Summos
522 3263 726 3356 Pontifices
750 3267 929 3362 explicari
945 3318 959 3361 ,
990 3268 1070 3364 post
1099 3267 1332 3353 consecratos

312 3355 517 3470 Episcopo}
534 3414 548 3457 ,
564 3363 925 3466 collatabeneficia,
967 3373 1004 3450 dt
1031 3391 1197 3448 mutatos
1225 3366 1333 3463 juitta

222 3465 226 3478 '
254 3497 260 3514 ·
308 3480 392 3568 ,ςιιιι
413 3459 722 3556 ordinationem,
747 3466 862 3544 etiam
877 3461 922 3542 ab
940 3465 1025 3561 ipfts
1053 3469 1332 3568 cardinalibus,

314 3557 708 3652 titulos-dignitatum
728 3565 920 3658 ,maxima
951 3593 1037 3641 cum
1051 3568 1227 3648 instantia
1244 3598 1333 3662 pro·

314 3677 462 3732 curatos
473 3709 486 3750 ,
504 3657 582 3754 poli
595 3660 836 3757 impetratam
858 3691 878 3740 a
909 3664 1012 3753 vobis
1029 3717 1042 3756 ,
1069 3673 1109 3746 dt.
1127 3667 1177 3754 ab¹
1194 3671 1275 3746 aliis
1292 3695 1333 3746 e.

310 3739 454 3850 ligendi
471 3754 695 3838 confessores
709 3759 861 3852 solitam
882 3761 1119 3863 facultatem,
1135 3768 1211 3866 post
1229 3791 1332 3846 nun·

1212 3888 1289 3946 tta·
