2804 4796
331 341 407 428 186
554 343 774 430 Conuttr
799 343 1070 426 Ssnuranr

645 603 940 714 LXXXII.
1039 630 1055 644 ··

622 877 964 970 ARRETINIS.

284 1063 522 1344 AMici
552 1064 729 1144 carissimi
746 1124 766 1158 .,
788 1045 970 1172 Qtotidie
997 1069 1096 1162 apud
1126 1089 1194 1148 nos
1221 1007 1300 1148 “ep

439 1165 507 1246 seit
526 1191 669 1272 ‘rumor
704 1174 741 1248 dt
778 1177 938 1262 augetur
976 1163 1158 1264 infantia,
1196 1155 1297 1269 quod

438 1268 612 1345 dolenter
640 1266 881 1362 audivimus,
914 1265 1150 1350 moestissimo
1178 1259 1298 1352 scribi·

285 1383 399 1450 mus,
433 1359 470 1442 dt
502 1365 695 1442 anxietate
727 1364 882 1444 cordiali
919 1365 963 1444 ab
1002 1357 1214 1444 intrinsecis
1247 1370 1297 1447 vi·
1379 1387 1382 1392 “

286 1463 450 1548 secribus
478 1466 767 1560 propalamus,
805 1465 908 1540 inter
945 1488 1022 1542 ,vos
1070 1461 1298 1558 discordibus

285 1567 415 1648 studiis
442 1551 651 1646 adolescere
680 1564 788 1639 civile
821 1559 1034 1652 dissidium,
1060 1565 1162 1662 quod
1198 1588 1299 1664 tran·

286 1664 518 1766 quillitatem
557 1661 715 1740 vestram
760 1663 986 1756 perturbat,
1025 1657 1188 1746 hostibus
1221 1686 1300 1739 tam

285 1758 496 1858 domesticis
523 1783 637 1856 quam
664 1763 853 1837 extraneis
889 1751 1132 1838 subversionis
1162 1761 1301 1852 vestrae

274 1861 392 1959 'spem
423 1858 603 1955 praebet,
628 1863 665 1940 ἀ
694 1857 835 1934 nedum
858 1855 996 1938 statum
1020 1865 1057 1939 dt
1084 1860 1301 1942 libertatem

287 1959 448 2040 vestram
475 1951 622 2034 subiicit
645 1953 841 2040 manifesto
862 1960 1054 2054 periculo,
1083 1949 1146 2034 sed
1171 1950 1301 2035 certis·
1397 2017 1398 2046 ,

289 2056 420 2138 sunam
455 2057 675 2153 praecipitat
714 2055 756 2128 in
791 2058 966 2134 ruinam.
1014 2049 1063 2135 In
1103 2059 1210 2141 cuius
1235 2059 1305 2132 ·rei
1397 2129 1398 2156 ,

286 2154 548 2258 perseverante
569 2159 722 2248 relatu,
741 2178 883 2252 quanta
908 2153 1179 2251 perfundamur
1202 2181 1304 2234 ama·
1397 2173 1398 2204 ³

286 2256 485 2354 titudine,
525 2248 684 2330 seribere
725 2277 805 2331 non
846 2257 1041 2334 valemus.
1082 2253 1186 2354 Qtid
1228 2255 1305 2332 erit

287 2355 400 2435 amici
428 2339 632 2430 cariffimi?
662 2351 727 2426 An
760 2375 914 2449 propter
938 2354 1212 2430 aemulationes
1238 2353 1306 2430 do·

287 2451 459 2534 mesticat
475 2499 490 2545 ,
530 2477 635 2549 quas·
661 2441 765 2546 saepe
803 2475 919 2528 vanus
952 2453 1096 2545 timor,
1136 2441 1305 2548 salsaque

289 2545 476 2646 subspitio
492 2596 506 2640 ,
524 2574 589 2628 aut
612 2552 668 2626 rei
699 2537 906 2645 cuiuspiam
927 2572 1027 2650 quae
1052 2547 1150 2622 nihil
1182 2549 1306 2644 potest

287 2654 515 2745 importare
538 2651 738 2730 eontentio
784 2649 942 2725 turbatis
990 2651 1126 2724 animis
1151 2653 1307 2745 *excitat

289 2750 332 2828 in
343 2747 553 2842 periculum
582 2743 731 2839 ponetis
753 2743 971 2832 Continent
985 2745 1027 2822 dt·
1037 2735 1308 2826 Contentum?

289 2845 384 2922 Heu
424 2842 501 2920 heu
539 2845 642 2938 viri,
668 2837 957 2942 ,circumspeeiii
1001 2847 1064 2920 An
1100 2871 1165 2924 vos
1205 2834 1306 2940 fugit

290 2945 448 3042 quinam
495 2941 784 3019 circumvolent·
811 2943 963 3038 hostes,
1005 2945 1106 3041 quali
1147 2945 1313 3036 animo,

291 3043 470 3216 lualique
503 3035 707 3134 potentia?
744 3038 889 3120 Nonne
917 3041 1017 3122 scitis
1038 3033 1166 3137 ,ipsos
1204 3043 1307 3138 quast

329 3163 443 3218 eones
467 3139 681 3234 rugientes,
703 3165 767 3220 vos
797 3141 967 3238 quotidie
990 3144 1173 3232 circuire,
1197 3144 1309 3228 utin

290 3236 357 3315 sua
384 3237 609 3314 erudelitate
644 3241 897 3324 devorent&
933 3230 1162 3338 absumant?
1193 3237 1310 3332 Cogi·

292 3359 373 3413 tate
409 3345 636 3434 parumper!
665 3334 693 3412 fi
722 3338 823 3436 quod
857 3336 1048 3424 abtertatt
1085 3337 1187 3436 quod
1229 3361 1309 3424 non
1352 3405 1360 3419 ,

228 3517 230 3521 ,
290 3429 370 3510 fine
395 3431 552 3512 horrore
588 3429 785 3515 referimus
818 3438 858 3511 in
888 3438 1127 3529 punitionem
1167 3433 1313 3514 vestroe

290 3524 493 3618 discordiae
527 3533 673 3614 institia,
697 3536 821 3619 divina
857 3529 1095 3628 promiserit,
1126 3533 1231 3634 qnod
1268 3537 1309 3610 hi

287 3629 416 3728 hostes
445 3634 650 3720 acerrimi,
687 3656 795 3730 quos
814 3635 981 3730 undique
1012 3629 1115 3714 vobis
1153 3624 1305 3708 infidias

160 3785 162 3790 -
289 3722 516 3826 cognoscitis
541 3729 753 3814 machinari
766 3779 781 3832 ,
814 3733 906 3810 dum
931 3733 1187 3820 contenditis,
1214 3729 1307 3810 dum

1141 3851 1272 3922 certa·¹
