2786 4822
314 419 755 498 epistotam·
930 407 998 486 181

53 535 131 616 ficut
171 535 327 614 scribitis
365 540 586 638 denegasse.
632 540 684 618 Et
719 563 764 618 ut
798 538 1047 633 omittamus,

54 633 88 712 fic
129 633 413 722 observandam
434 636 722 720 Ecelefiasticam
764 639 1007 717 libertatem,
1033 688 1046 730 ‚

55 737 140 829 quod
173 733 325 813 libertas
358 741 540 815 naturaiis
579 739 816 832 P'opuiorum
856 735 1050 810 nihilomi·

54 853 112 906 nus
144 853 224 907 non
262 834 462 929 laedatur,
496 835 545 912 sic
573 834 656 912 fore
685 861 754 931 pro
782 836 869 927 fidei
901 831 1048 908 conser-

54 931 192 1008 vatione
220 931 490 1031 statuendum,
516 937 617 1032 quod
643 933 770 1016 fideles
797 953 884 1013 cum
909 935 1049 1010 ‘caium-

53 1029 104 1102 nia
130 1033 208 1104 non
235 1029 462 1124 plestanturn
497 1032 643 1111 Debuit
671 1057 719 1107 ne
743 1034 922 1111 Summus
948 1030 1067 1106 Pon·¹

55 1121 137 1220 tifex
169 1151 329 1225 petere,
350 1136 451 1230 quod
484 1131 748 1208 ordinamenta
774 1157 795 1208 a
825 1129 960 1206 nostris
986 1130 1049 1204 del

53 1227 399 1324 notaminibus,
436 1255 529 1328 quae
566 1231 680 1308 etiam
712 1253 845 1323 utpote
871 1232 911 1302 in
942 1229 1048 1302 omni

54 1346 147 1416 parte
186 1322 430 1421 seuerissima,
465 1331 577 1407 multi
609 1329 781 1406 Romani
798 1324 1048 1417 Pontifices,

54 1415 188 1514 &ipse
219 1424 320 1522 idern
338 1475 351 1516 ‚
388 1430 541 1522 quando
578 1423 747 1503 turbatus
777 1433 857 1502 uon
889 1446 969 1498 erat
1001 1447 1048 1496 ex

53 1541 142 1598 certa
171 1515 361 1600 sententia
400 1528 523 1621 longis
556 1529 659 1604 retro
695 1521 926 1618 temporibus
952 1535 1049 1595 ὀοιιιΙ

51 1615 263 1711 senserunt,
300 1623 516 1711 deberemus
552 1649 616 1718 per
645 1624 742 1716 pacis
769 1621 920 1698 foedera
943 1645 1046 1694 revo-

54 1709 160 1794 care?
190 1720 246 1795 Ea
283 1717 410 1798 tamen
440 1723 611 1800 oblatum
640 1716 713 1798 fuit
738 1717 892 1822 quodsi
929 1733 1050 1793 corre·
1087 1752 1089 1756 ·

44 1814 162 1892 dione
192 1813 349 1904 forsitan
379 1821 622 1915 indigerent,
655 1821 834 1916 quoniam
856 1817 1050 1894 Sanditnti

53 1935 120 1988 non
157 1911 326 1995 turbatae
358 1921 575 2014 placuerit,
613 1936 681 1994 nos
708 1919 835 1994 taliter
867 1920 1048 1991 correfru·

52 2033 130 2104 ror,
160 2015 263 2111 quod
292 2013 357 2094 sua
391 2017 540 2096 deberet
564 2018 764 2093 clementia
794 2015 931 2092 merito
962 2033 1049 2088 con:

53 2115 205 2192 tentarit
245 2114 325 2210 Sed·
355 2117 493 2194 durum
526 2127 609 2194 'erat
651 2115 691 2192 in
715 2112 793 2190 ¹sua
833 2112 1049 2188 turbatione

51 2211 256 2314 corrigere,
284 2238 379 2310 quae
417 2209 569 2294 fuerant
600 2241 620 2292 a
648 2209 950 2308 progenitoribus
984 2234 1051 2286 no·

51 2301 122 2379 stris
163 2308 404 2390 saluberrime
448 2311 672 2390 constituta.
718 2309 894 2389 Caritati·
920 2331 1048 2382 tamen

52 2403 183 2488 vestrae.
205 2409 343 2504 gratias
364 2412 508 2504 agimus
529 2413 579 2488 de
604 2433 682 2488 tam
707 2407 826 2486 fidelis
852 2403 1048 2499 impensio·
1078 2445 1081 2450 ¹

51 2527 94 2615 ne
133 2505 312 2604 confilii;
360 2533 427 2588 vos
479 2507 632 2606 iusuper
669 2507 910 2601 deprecantes
949 2505 1050 2602 quod

52 2610 235 2702 vinculum
259 2611 423 2698 amoris,
440 2611 541 2704 quod
561 2629 625 2692 vos
646 2609 683 2688 dr
708 2602 851 2683 vestros
869 2601 1051 2688 Commu:

52 2703 87 2772 ni
111 2705 235 2784 nostro
258 2707 428 2804 devinxit
453 2709 494 2780 in·
520 2701 689 2786 vobisut
715 2698 910 2798 speramus¹
925 2709 961 2782 δι
989 2728 1047 2776 ve·

52 2795 122 2874 stris
150 2801 302 2898 postoris
326 2802 574 2885 conservetis:
594 2802 776 2902 quoniam
796 2829 816 2876 a
840 2800 1050 2876 Communi

51 2899 168 2978 nostro
204 2899 402 2984 consuetos
431 2902 631 3001 'certosque
666 2898 811 2982 favores
840 2899 958 2992 potest
990 2923 1048 2972 ve·

51 2991 112 3074 stra
138 2997 371 3092 fraternitas
399 2998 633 3096 exspeeare.
661 3003 807 3080 Datum
835 2995 1052 3076 Florentiae

48 3095 104 3174 die
126 3123 233 3189 ruvr-
267 3099 437 3184 Odobtis
469 3126 505 3196 p.
539 3100 776 3178 Indinrone:
800 3093 860 3193 (1)
917 3195 919 3198 ,
996 3115 1030 3134 ”

454 3509 459 3626 s
521 3533 614 3635 M3
704 3545 706 3552 ⁴
913 3527 1006 3606 GE-

54 3725 103 3808 (ι)
124 3733 215 3796 Haec
234 3729 548 3818 Epidamnus}
581 3805 587 3814 ,
613 3729 804 3798 Pontificem
832 3725 1051 3792 universalem

91 3833 183 3894 quern
213 3816 328 3888 deceat
365 3818 520 3884 obedien·
552 3827 578 3900 J
617 3807 895 3904 patremsc'ripta
915 3809 977 3878 est.

90 3909 154 3966 terti
179 3898 280 3969 filium
306 3901 342 3966 in
365 3899 522 3967 summum
888 3917 890 3919 ·
