2826 4814
317 441 389 522 144
458 494 462 510 ,
535 417 1063 509 Cotucusnuurirr

672 685 926 822 Lvrrr„
1029 741 1033 749 ·

587 935 959 1046 snunusrnus.

264 1148 526 1418 FRatres
551 1141 764 1226 Cariffimi·
793 1149 1029 1244 Recepimus
1069 1149 1200 1246 literas
1240 1171 1300 1224 ve·-

385 1249 512 1339 2stras‚
538 1245 672 1346 quibus
687 1246 897 1323 Britonum
915 1248 1035 1328 ferale
1052 1249 1296 1326 consortium

395 1345 441 1421 ad
469 1346 602 1422 vestras
629 1367 748 1420 terras
783 1349 992 1427 maritimas
1038 1343 1197 1426 scribitis
1235 1372 1285 1438 ap

262 1445 423 1542 pulilse‚
453 1435 591 1542 vosque
617 1441 716 1536 apud
752 1439 984 1532 Mallianutn
1013 1447 1199 1542 oppidum
1233 1469 1301 1520 no·

262 1545 379 1622 tubile
404 1543 584 1620 dium-um
612 1542 777 1637 partium
792 1595 805 1635 ,
823 1539 885 1620 sut
901 1545 1016 1626 castra
1027 1573 1043 1641 ;
1060 1544 1163 1642 quod
1183 1541 1297 1636 Deus

263 1643 434 1722 iustitiae
460 1638 587 1718 fautor
611 1629 757 1734 ipsum
783 1633 1049 1720 confusionem
1076 1663 1232 1730 vertat,
1261 1647 1299 1722 dr

262 1741 564 1832 exterminium
591 1727 776 1833 posuisse,
810 1745 847 1821 dt
879 1746 1047 1841 qualiter
1079 1743 1301 1817 intendunt

263 1864 383 1919 terras
410 1836 550 1914 vestrae
573 1837 850 1914 Marimitimae
875 1840 1084 1931 debellare,
1112 1860 1180 1932 pro
1204 1865 1296 1937 qua-

261 1960 350 2016 rum
373 1932 593 2014 defensione
612 1963 634 2012 a
655 1935 764 2012 nobis
787 1963 1020 2016 armatorum
1048 1931 1206 2015 subsidia
1232 1963 1298 2033 po·

263 2035 434 2114 stulttis.
475 2035 622 2139 Qubus
661 2034 827 2110 breviter
865 2035 1165 2132 respondemus,
1191 2037 1298 2134 quod

187 2151 195 2160 “
263 2139 439 2234 quamvis·
458 2137 605 2230 pridem
630 2132 889 2228 scripserimus
928 2136 1148 2232 magnifico.
1175 2138 1294 2214 militi

261 2229 441 2316 Domino
467 2233 603 2311 Ioanni
630 2235 823 2325 Haucud‚
850 2236 951 2332 quod
988 2257 1068 2330 non
1098 2234 1225 2312 minus
1251 2235 1299 2309 de

263 2335 410 2429 vestro,
437 2358 551 2432 quarn
576 2329 622 2408 de
647 2331 776 2408 nostro
806 2336 961 2427 proprio
991 2333 1047 2410 fit
1063 2333 1160 2412 statu
1186 2329 1298 2412 solli-

262 2436 363 2512 citus
378 2488 391 2528 ,
418 2437 455 2513 dt
485 2431 619 2510 nostris
648 2429 874 2506 Oratoribus
911 2432 1143 2508 duxerimus·
1161 2431 1300 2508 iniun-

262 2533 430 2631 gendum
447 2585 466 2621 -,
504 2530 750 2628 quodcum,
786 2528 902 2604 adid
928 2533 1029 2627 quod
1057 2534 1178 2608 eidem
1206 2533 1298 2606 inti·

233 2675 235 2680 v
261 2633 478 2724 movimus,
510 2632 743 2706 animent&
774 2625 982 2706 hortentur
997 2650 1007 2720 3
1038 2629 1299 2707 nihilominus

262 2753 391 2809 tamen
407 2728 548 2804 eisdem
563 2727 636 2804 hoc
652 2727 778 2816 idem,
803 2747 914 2806 tunto
939 2721 1162 2819 efficaciter,
1178 2751 1298 2824 quan-

262 2855 304 2908 to
329 2825 388 2902 res
413 2827 661 2923 propinquior
680 2826 833 2902 videtur
859 2815 930 2902 else
951 2831 1120 2922 periculo
1146 2852 1215 2922 per·
1231 2851 1297 2902 no-

261 2928 353 3004 stras
380 2925 512 3002 literar
535 2925 768 3000 decrevimus
795 2950 1002 3002 renovare.
1029 2925 1165 3024 Itaque
1190 2927 1302 3016 enin„

263 3029 310 3105 de
348 3025 479 3121 procul
523 3023 637 3101 dubio
670 3045 856 3122 quantum
882 3027 1096 3120 oportuerit
1131 3009 1298 3100 subsridii

140 3113 141 3116 ¹
261 3123 380 3202 vestra
405 3119 643 3198 Fraternitas
667 3114 939 3219 consequetur.
968 3127 1047 3200 Vos
1071 3145 1200 3198 autern
1227 3147 1300 3202 ,no-

260 3224 337 3300 lite
363 3218 486 3296 frun'i
517 3223 650 3296 nimis.
684 3216 821 3298 Nolite
847 3221 916 3298 hac
937 3215 1165 3299 discursione
1192 3245 1300 3298 tene·

264 3325 322 3398 ri:
350 3243 495 3415 praesdo
534 3312 625 3395 sunt
665 3317 791 3396 noster
824 3319 983 3398 invictus
1008 3323 1197 3396 exercitus
1223 3321 1299 3398 in,

260 3439 404 3511 magno
438 3422 475 3497 dt
514 3418 714 3494 clarisfimo
751 3420 924 3496 numeros
945 3418 1177 3497 bellatorum
1196 3471 1216 3510 ,.
1234 3420 1301 3514 qui

265 3519 332 3618 qui
357 3515 525 3600 hostium
548 3517 745 3604 conatibus
771 3510 809 3590 se
842 3543 865 3592 o
896 3539 1034 3614 ponet.
1071 3518 1176 3611 Spes·
1193 3515 1299 3591 dein-

263 3619 313 3695 de
329 3635 440 3692 certa
466 3635 534 3691 vot¹
558 3637 714 3710 teneat,
738 3613 839 3715 quod
915 3617 981 3692 eus
1006 3617 1078 3718 erit
1106 3618 1146 3690 in
1175 3615 1301 3707 medio

265 3716 443 3810 gentium
464 3711 727 3808 nostrarum,
768 3737 864 3814 quae
900 3711 989 3792 sunt
1024 3724 1103 3812 p'ro'
1127 3714 1300 3806 iustitia,

264 3838 335 3912 pro
356 3813 559 3907 libertate,
587 3818 637 3892 dr
652 3815 696 3892 in
720 3816 911 3892 ultionem
938 3811 1182 3894 infinitorum
1200 3805 1282 3988 ¹sce

1216 3935 1253 3987 e·

1290 1381 1302 1406 ι

1307 2465 1312 2480 t

1284 3857 1301 3876 ο

1395 4245 1396 4278 l

1395 4341 1396 4366 l

1395 4481 1396 4496 l

1395 4549 1396 4562 i

1395 4587 1396 4620 l
