2874 4794
372 345 449 428 194
583 321 806 408 Cotuatt
828 322 1106 404 Saeuam

323 448 418 526 teria
440 437 731 532 scandalorum,
766 435 1003 518 decrevimus
1043 437 1257 534 supernae
1285 461 1363 518 no·

321 545 435 624 stram
461 537 561 620 ferre
587 537 1015 635 seutentiam‚c0gnita
1030 539 1213 618 veritate.
1238 539 1293 618 Et
1306 537 1361 615 ob
1425 557 1427 616 ἒ

321 645 363 722 id
388 667 455 722 vos
480 639 708 740 requirimus
727 691 739 726 ,
756 641 808 718 .&
834 661 1041 736 rogamus,
1074 662 1263 735 quatenus
1299 639 1363 711 in-

321 739 381 821 fra
406 743 615 820 terminum
631 735 717 816 οᾶο
739 736 919 833 ‹liet-tam,
935 734 1124 834 praefatos
1144 737 1250 816 vobis
1273 742 1361 834 pla·

321 863 406 919 cest
431 839 506 918 huc
531 833 670 917 vestros
695 837 964 916 commissarios
983 829 1212 915 sufficientes
1235 835 1368 913 trans-

321 941 511 1034 mittere,
553 934 722 1032 plenarie
736 935 784 1014 de
801 935 930 1014 vestris
954 935 1097 1011 iuribus
1121 933 1363 1014 informatos

320 1037 369 1118 ael
395 1037 673 1134 allegandum,
697 1033 1362 1133 &dicendumimpraediiilsquicl·

347 1136 412 1215 uid
440 1133 666 1226 volueritis,
694 1137 731 1213 u
767 1133 870 1212 vobis
900 1132 1113 1230 videbitur,
1146 1137 1184 1213 δι
1208 1133 1257 1212 ad
1288 1159 1360 1211 au·

320 1162 504 1315 iiendutn
532 1228 698 1309 nostram
723 1227 978 1322 sententiam,
1001 1257 1116 1332 quam
1151 1236 1259 1314 iuxta
1297 1258 1362 1309 ve·

322 1335 480 1414 citatem
521 1327 624 1408 ferre
666 1332 905 1410 intendimus
940 1332 984 1406 in
1023 1333 1238 1430 praedialis.
1271 1335 1361 1416 Has

321 1433 631 1516 autemlitteras
656 1427 705 1505 ad
730 1433 919 1508 cautelam
947 1429 1108 1508 fecimus
1139 1437 1182 1509 in
1217 1431 1360 1512 nolitis

322 1531 428 1610 libris
450 1530 656 1610 autenticis
678 1525 895 1626 registrari,
930 1536 968 1612 ut
994 1529 1110 1610 nostri
1135 1529 1268 1627 figitu-
1285 1533 1363 1610 im-.

322 1625 511 1728 preffiune
535 1628 709 1722 muniti,
735 1627 783 1704 de
806 1653 969 1727 quarum
1004 1630 1356 1724 praesentatione,

321 1726 505 1806 relationi
532 1726 664 1804 latoris
687 1722 944 1822 praesentium
978 1725 1123 1808 Nuntii
1149 1728 1265 1808 nostri
1287 1729 1364 1806 sta-

321 1829 471 1924 bimus,
497 1830 535 1908 &
560 1823 732 1902 dabimus
757 1827 911 1920 plenam
937 1827 1051 1904 fidem
1067 1884 1075 1900 .
1094 1827 1246 1906 Datum
1266 1826 1363 1906 Flu·

320 1929 473 2006 sentiae
494 1925 557 2002 die
580 1945 645 2004 xx.
670 1919 835 2020 Augusti
853 1926 975 2022 prima
998 1925 1212 2009 lunatione
1232 1952 1358 2006 ucec-

325 2047 492 2114 lxxvnt.
1221 2075 1232 2088 ··

359 2277 362 2284 ·
480 2217 630 2302 Iacobus
653 2217 811 2300 Nuntius
834 2219 1011 2321 retulisse
1037 2221 1220 2323 praesenta
1249 2253 1267 2301 a
1296 2198 1370 2302 als-'-

519 2323 601 2400 llas
625 2319 764 2400 litteras
791 2321 849 2400 die
871 2345 990 2404 κω.
1015 2321 1161 2444 Augusti
1272 2351 1357 2421 rso,

336 2408 343 2492 ‘.
416 2474 419 2482 .
468 2471 470 2478 >
520 2415 857 2538 &satisfrlttribsm
