2782 4834
347 417 793 497 Errssonas.
949 435 1022 509 rm

48 561 91 630 ia
119 535 325 641 'possumne
365 541 551 638 efficacia,
591 542 819 646 pleniffirnas
857 547 1070 638 gratiarum

49 642 250 722 referimus
276 642 485 735 ·a&iones;
530 646 743 719 claritatem
778 641 961 736 ,vestram
984 667 1072 724 toto

47 746 194 836 sorde,¹
228 763 307 819 tota
334 739 495 836 mente',
520 744 616 818 rotis
645 741 813 832 viribus,
841 746 877 821 dr
910 765 958 817 ex
988 765 1071 822 tora

49 847 178 928 anima
213 838 337 914 nostra
366 837 591 934 ¹suppliciter
621 861 850 934 exorantes,
880 862 1071 939 quatenus

48 970 119 1040 pro
146 943 296 1018 honore
321 936 687 1017 sanuiffimil’atns
702 946 739 1020 δι
763 937 929 1017 Domini
956 940 1071 1018 nollri

51 1039 218 1140 Domini
243 1039 391 1112 Summi
421 1035 646 1129 Pantilius,
675 1041 712 1118 ὅ(
743 1061 814 1134 pro
833 1043 1075 1118 exaltatione

50 1141 209 1220 Sanciae
239 1134 378 1213 Matris
402 1135 593 1213 Ecclesiae
620 1140 715 1213 circa
753 1135 825 1214 hoe
860 1137 1071 1231 dignemini

52 1240 134 1336 poll
172 1259 250 1312 ram
291 1235 559 1316 vehementem
597 1230 920 1329 dispofirionem‚
964 1238 1075 1312 iuxta

53 1339 263 1415 velitatum
290 1335 504 1410 litterarum
530 1357 702 1425 tenorem
726 1329 915 1412 indefeffis
937 1336 1072 1410 animis

53 1435 233 1531 operari-¹.
274 1429 369 1508 Non
404 1454 554 1510 terreat--
579 1434 886 1524 magnitudinem
917 1433 1073 1509 vestram

56 1532 192 1612 labor.
238 1529 377 1607 Nolite
415 1554 573 1625 propter
607 1534 870 1610 difficultatem
905 1535 1073 1630 aliquam

56 1629 277 1726 desperare.
316 1629 402 1705 Erit
428 1630 580 1727 quidem
613 1626 804 1706 vobiscum
832 1630 974 1722 Deus,
1007 1630 1071 1726 qui

1 1782 3 1818 ς
48 1726 323 1828 ,ίοῑυςιεῐρεῃ
343 1733 460 1822 plana
475 1729 642 1822 reddit,
670 1729 707 1804 δι
736 1750 854 1824 quum
879 1730 984 1804 inter.
1011 1753 1083 1821 ona

55 1855 157 1907 trem
196 1832 233 1907 ἁ
274 1825 377 1901 filios
412 1826 543 1902 debeat
571 1826 801 1904 Dominatio
840 1824 957 1902 vestra
998 1851 1075 1898 mr-

56 1928 204 2005 tucnda
247 1919 414 2019 versari,-
451 1928 643 2021 quomodo
670 1923 823 2018 negabit
853 1924 956 2020 vobis
985 1925 1076 2001 San·

55 2021 233 2102 dliffimus
262 2027 378 2102 Pater
408 2022 564 2118 noster,
593 2021 800 2100 secundum
827 2047 981 2100 carnem
1013 2051 1077 2100 vo-

60 2125 121 2199 bis
152 2141 396 2217 gerasenus,
424 2124 461 2199 dt
490 2121 698 2200 secundum
728 2122 973 2219 Apostol'atus
1000 2125 1078 2218 api·

60 2242 150 2298 cem·
177 2221 424 2299 vobis-Paret·
451 2223 489 2296 dt
521 2221 660 2313 nobis‚·
686 2222 865 2321 quicquid
884 2243 964 2315 ‹pro
989 2222 1079 2314 pace

61 2320 260 2398 volueritis
298 2319 386 2395 eum
423 2317 644 2396 fastorum?
689 2320 895 2426 Qromodo
937 2321 1078 2411 poterit

61 2415 188 2495 nostra
206 2419 370 2496 devotio
399 2419 447 2494 ad
478 2441 606 2512 pacem
633 2440 716 2495 tota
745 2413 1080 2516 mentedisp'osrta

1 2579 4 2589 .
62 2512 291 2594 consensum
328 2514 493 2592 honestis
531 2514 657 2595 vestris
687 2515 934 2613 petitionibus
966 2525 1080 2590 dene·

1 2613 3 2704 ;
63 2611 181 2708 gare?
219 2613 380 2693 Habetis
415 2616 506 2693 inde
534 2613 744 2710 benignum
775 2615 960 2707 Patrem,
991 2612 1081 2688 hinc

1 2778 5 2818 ι
64 2715 226 2790 devotos
253 2713 378 2804 filios,
408 2716 475 2812 qui
501 2741 569 2811 per
593 2719 669 2792 tale
691 2715 858 2790 medium
881 2712 1091 2809 inquirent.

63 2836 195 2907 pacem
221 2813 259 2889 dt
290 2808 499 2910 sequentur
527 2839 636 2892 eam.
661 2813 733 2890 Eia
761 2836 877 2907 ergo,
908 2812 1083 2890 Domine

1 2979 2 3012 3
63 2913 297 3004 metuende,
326 2914 494 3008 rumpite
518 2937 672 3006 moras,
706 2915 744 2991 dt
776 2910 972 3006 ingloria
1003 2929 1084 2984 tam

64 3008 233 3104 ingentis
288 3013 394 3086 tituli
445 3016 595 3090 cundos
636 3012 703 3110 qui
740 3011 851 3085 hunc·
896 3008 1085 3086 honorem

1 3102 1085 3205 ιρκεοὲεωηοιιαιηιπ,1ῐευῑαϋαείαὴ>ΐιηιιιε,

55 3208 307 3299 praevenite.
340 3207 423 3286 Nos
451 3210 558 3281 enim
582 3209 677 3286 adeo
705 3207 762 3284 ad·
781 3228 913 3300 pacem·
927 3197 1087 3296 dispost-

66 3298 284 3397 ti'l'umus‚
313 3307 415 3404 quod
444 3327 511 3402 per
548 3327 851 3409 quemcumque,
875 3304 919 3402 ιὃ(
952 3324 1085 3398 quam·

67 3423 231 3498 cumque
257 3405 497 3480 concordiam
523 3403 661 3491 babere
676 3405 908 3499 poterimus,
925 3421 1055 3494 pacem
1072 3448 1086 3491 ‚

69 3521 150 3578 non
166 3503 405 3596 expedientes
425 3503 621 3605 ulterius,
644 3499 940 3579 concludemus.
973 3495 1089 3573 Cete-

69 3623 155 3674 rum
183 3602 280 3695 petit
309 3598 426 3676 vestra
444 3600 695 3692 Sublimitas,
731 3597 835 3696 quod
875 3601 915 3672 in
950 3594 1087 3694 quibus

70 3699 242 3788 terminis
275 3691 533 3778 remansimus
557 3701 600 3773 in
639 3698 774 3776 habitis
803 3696 942 3776 abhinc
981 3715 1089 3768 retro

72 3796 674 3971 treberibus-robis.debeafiurs‚
694 3787 741 3874 dt
764 3796 813 3874 ad
836 3817 950 3893 quem
975 3792 1090 3867 finem

625 3915 652 3972 2
962 3911 1043 3964 mm
