2786 4822
677 507 680 516 .
977 473 990 526 r

56 545 260 624 consudeiare
297 553 463 642 tempora
510 542 767 644 syllabarum,
809 565 852 622 ut
898 545 922 621 fi
970 478 1092 636 bi9c9uis

56 645 129 731 st,
165 644 284 742 qualis
320 645 369 718 eli
396 644 519 741 prima¹
554 646 658 722 verbi
697 643 830 730 coln,
884 647 984 744 quod
1028 673 1092 746 per

55 745 118 818 eius
144 741 381 837 compositum
421 738 555 814 excolo
592 740 731 816 clarum
770 743 866 830 eli,
911 757 984 820 non
1024 748 1092 824 du-

55 841 195 934 plicetur
228 862 311 915 cum
345 840 528 913 subitur
553 836 646 912 illud
690 841 744 930 l.;
779 841 894 915 Collo
941 845 1089 942 quidem

54 939 178 1014 dativus
212 936 255 1012 dc
299 939 419 1013 sextus
448 936 530 1023 eli,
571 937 750 1012 vocabuli
791 939 978 1028 collum,
1016 955 1090 1019 non

53 1035 159 1133 aliqua
201 1057 275 1108 vox
314 1037 431 1128 verbi·
449 1033 561 1118 colb,
586 1035 622 1106 in
673 1055 723 1109 uo
744 1035 891 1132 quidem
917 1037 1090 1136 Ligurum

52 1134 376 1228 uitiosa'scripttira
403 1132 461 1206 'est
480 1153 494 1205 .·
528 1059 774 1208 Necellqarium
812 1137 925 1210 etiam
962 1135 1011 1211 ost
1046 1139 1089 1220 &

51 1228 275 1307 derivationes
305 1233 508 1326 inspicere,
541 1227 582 1305 dc
610 1232 730 1303 varias
762 1233 1011 1322 inflexionem
1046 1239 1091 1314 ‘u't

52 1327 187 1424 qualiter
219 1328 408 1426 quaelibet
440 1327 549 1402 scribi
590 1327 723 1403 debeat
747 1326 864 1404 diiiio
894 1335 1090 1430 cognosca-

19 1435 20 1438 ’
53 1445 137 1498 urus.
168 1427 264 1500 Nam
296 1448 379 1498 cum
409 1425 652 1520 praeteritum
670 1424 759 1500 istud
778 1425 936 1520 sumpsi,
964 1455 986 1504 a
1010 1436 1084 1529 pri-
1192 1459 1195 1472 ¹

53 1545 100 1598 ma
123 1526 218 1598 verbi
248 1544 340 1596 voce
367 1523 491 1597 veniat
526 1532 558 1596 o'
579 1540 720 1598 mutata
751 1527 791 1600 in
831 1523 880 1622 psl
909 1549 923 1610 ,¹
952 1529 1089 1604 necesse

54 1618 88 1691 st
119 1631 177 1716 per
192 1624 340 1695 unicum
364 1641 400 1694 m
428 1621 575 1707 scribi,
605 1622 780 1718 quonlaln
812 1639 898 1700 ante
930 1623 1090 1722 psr,³nec

53 1739 106 1802 n,
131 1739 195 1793 nec
227 1719 303 1798 alia
341 1715 446 1813 polilt
475 1717 582 1794 litera
613 1717 829 1816 geminari.
876 1721 957 1797 Nec
997 1727 1090 1800 itanc

57 1819 325 1914 orthographiae
363 1815 595 1912 diligentiam
627 1816 732 1912 parvi
770 1811 881 1892 saclas
911 1820 925 1889 .’
965 1821 1089 1897 Nimis

56 1915 134 1986 euim
153 1939 157 1946 ⁸
173 1918 336 2010 ineptum
371 1911 418 1986 en
451 1935 534 1987 curn
570 1915 710 1989 maiora
739 1914 999 2010 profitearis,
1049 1922 1088 1996 in

56 2011 238 2086 minusculis
277 2009 354 2084 labi
382 2024 412 2098 ‚'
444 2033 601 2107 cumque
641 2009 764 2086 dicere
808 2013 903 2091 velis
948 2037 1087 2105 unum,

56 2107 239 2199 ignorantia
258 2107 497 2198 literaturae
541 2108 679 2184 sensur'n
724 2108 837 2184 alium
885 2113 1089 2208 explicate,

55 2201 241 2282 Nam'cum
277 2208 463 2290 hominum
487 2207 720 2302 ‘conspiratio
745 2207 838 2282 scsia
861 2206 932 2297 sut,
958 2235 989 2286 a·
1010 2235 1090 2289 ver·

56 2298 94 2372 bo
117 2305 237 2402 sequor
272 2304 373 2378 sensu
401 2342 418 2389 ,·
464 2301 654 2402 literisque
682 2303 885 2379 tradudium
929 2311 1088 2385 vocabu·

57 2393 140 2484 lum,
175 2425 284 2500 quam
313 2402 457 2494 supinus
488 2413 590 2475 error
605 2401 665 2486 *est
697 2425 762 2497 per
798 2403 1091 2502 orthographiae

57 2498 267 2576 nescientiam
311 2495 469 2572 dicere:
513 2497 621 2595 Quid·
658 2496 814 2598 denique
857 2498 988 2598 loquar
1036 2505 1089 2583 se·

56 2609 125 2683 ptae
169 2601 273 2675 liuius
318 2595 599 2670 mordacitatem
648 2593 852 2694 tangendo·
884 2596 1086 2694 luporum,

56 2695 204 2782 quoniam
237 2695 341 2796 septa
384 2693 535 2768 claustra
578 2695 661 2769 sunt
700 2721 722 2768 a
756 2692 928 2790 sepiendo
969 2697 1087 2786 dina,

55 2790 134 2879 quod
169 2791 222 2868 illi
254 2791 341 2888 loco
378 2813 451 2864 non
487 2790 603 2886 potesl
655 2791 870 2890 aliqualiter
915 2794 1088 2873 conueni-

56 2904 123 2958 re·
162 2891 279 2988 Purga
318 2893 449 2984 precor
486 2890 600 2986 igitur
628 2891 699 2964 hoc
734 2889 954 2967 frumentum
988 2937 1001 2980 ‚
1045 2896 1089 2971 dc

53 2975 109 3055 sunt
140 2981 237 3074 illa,
270 3007 364 3085 quae
400 2987 526 3063 scribit
564 2987 690 3062 taliter
718 2985 914 3066 ‘defaecata
938 3015 968 3076 a'
984 2992 1087 3089 quod
1185 3057 1187 3064 ,

52 3079 125 3154 nihil
162 3085 267 3178 polilt
300 3081 422 3159 'inter
459 3107 504 3157 ca
535 3127 550 3169 ‚
597 3090 693 3181 quae
736 3085 807 3159 tibi
838 3130 853 3172 ,
903 3087 983 3162 vel¹
1006 3090 1091 3162 aliia

52 3173 206 3273 scripseris
237 3227 251 3268 ,
286 3181 404 3258 literis
436 3183 606 3256 notatum
648 3185 988 3261 inconvenientibus
1030 3211 1088 3261 re-

52 3279 168 3364 periri.
194 3282 319 3378 Tetigi
361 3283 430 3364 tibi
458 3279 636 3376 quaedam
659 3307 685 3368 ‚⁸
720 3302 816 3378 quac
842 3278 952 3356 facile
982 3283 1085 3380 pollis

51 3377 249 3467 agnoscere,
274 3389 349 3474 quo
381 3378 501 3460 discat
532 3381 608 3458 uno
639 3397 776 3454 conatu
802 3381 896 3453 'haec
919 3379 961 3458 &
987 3381 1094 3473 alia,.
1217 3397 1223 3408 ’

50 3485 124 3560 quae
158 3477 290 3568 vitiosa
324 3476 415 3550 dicit
436 3473 586 3575 valeant
610 3519 623 3564 ‚
648 3477 774 3554 ‘veluti
808 3476 916 3574 quid?
933 3481 1090 3576 ignomi-

50 3565 249 3648 iliosiffillintn
292 3578 470 3650 evitare.
504 3575 612 3648 Hanc
641 3579 763 3652 autem
795 3595 919 3650 curam
936 3620 950 3664 ‚
969 3577 1016 3656 dc.
1035 3577 1089 3651 cli·¹

53 3655 217 3758 ligantiam·
251 3694 332 3746 curu
370 3670 613 3772 quadraginta
653 3677 712 3751 sex
744 3676 869 3749 'annis'
899 3673 951 3753 δι’
986 3674 1094 3764 ιιΙ-ῑῐειΙ

52 3754 216 3848 scribendo
249 3771 389 3874 semper
420 3771 653 3946 adbibNucrini
688 3815 704 3864 t
747 3791 821 3856 nnn
870 3775 997 3872 ¹potui.
1021 3777 1130 3888 taes

423 3879 426 3885 “
580 3893 607 3970 4
949 3889 1032 3958 men
