2826 4814
301 395 375 474 124
534 371 758 456 Cocuorr
786 377 1061 456 Sarurtrt

245 501 401 590 defuisse
425 523 493 592 per.
520 497 801 594 collusionem,
830 506 866 582 dt
897 505 1035 580 vitium
1049 507 1097 582 de
1113 503 1278 584 iudican-

246 604 296 680 do
323 601 543 678 concordia.
571 601 709 694 Sicque
739 597 924 678 facillime
947 600 1064 696 pollet
1090 630 1200 681 error
1215 631 1277 699 po·

245 703 376 820 {terior
397 698 563 775 deterior
579 697 650 773 ess'e
666 699 801 793 priore.
820 693 1005 798 Denique
1020 729 1170 798 tempus
1184 705 1281 780 adeo

245 803 407 894 longum
433 797 478 872 ad
500 799 838 890 congregationem
867 801 1065 894 exigitur,
1090 803 1197 902 quod
1226 804 1282 880 int

245 901 361 976 terim
395 895 499 991 mille
524 897 647 972 modis
685 895 804 991 pollet
834 895 1000 974 Concilii
1043 901 1280 996 propositum

245 993 452 1091 impediri.
482 996 578 1096 Qis'
601 997 718 1072 eciam
741 997 845 1072 inter
875 995 1117 1074 Christicolas
1138 998 1281 1074 Conci·

243 1098 299 1172 lio
324 1098 451 1169 locum
470 1095 571 1168 dabit
588 1097 683 1192 ,qui
705 1097 834 1170 neutri
864 1093 1041 1172 Patrium
1071 1096 1117 1178 stt
1159 1094 1281 1191 suspe-

230 1189 349 1288 dius?
379 1192 436 1270 Ut
471 1193 571 1270 hanc
604 1195 703 1270 viam
729 1193 962 1287 certumsrt,
979 1220 1047 1270 nec
1076 1198 1280 1287 aditum,

244 1317 317 1369 nec
342 1295 494 1370 exitum
527 1291 768 1368 habituram.
794 1295 1021 1370 Cavendum
1056 1293 1107 1370 est
1137 1317 1282 1386 praete.

245 1417 309 1467 rea
337 1393 544 1486 diligenter
569 1393 609 1465 in
633 1391 704 1466 hac
733 1391 877 1484 caulsa,
905 1417 953 1468 ne
968 1395 1041 1469 dici
1064 1391 1173 1486 poffit
1194 1393 1283 1486 ,vel

239 1491 537 1589 ¹quo'tnodolibet
566 1487 773 1584 suspicari,
796 1493 940 1588 aliquid
963 1493 1182 1588 extorqueri
1217 1515 1283 1588 per

248 1594 351 1680 vim,
370 1591 527 1664 concedi
538 1589 759 1666 ¹muneribus
776 1641 787 1682 ,
814 1596 872 1663 vel
890 1615 956 1684 per
980 1591 1141 1684 gratiam
1161 1593 1280 1684 impe÷

248 1691 338 1767 trari
356 1745 364 1760 .
394 1689 508 1792 Qrod
523 1712 569 1762 ut
587 1688 677 1781 fiat,
703 1693 899 1768 &clarum
916 1692 952 1762 in
969 1691 1089 1766 oculis
1103 1692 1282 1765 omniurn

246 1787 359 1864 sicuti
388 1790 542 1862 materia
576 1787 696 1862 nostra
727 1789 924 1883 requirit,
945 1785 1014 1878 stt,
1037 1811 1117 1864 non
1147 1787 1284 1863 sufficit

246 1886 347 1984 quod
380 1886 446 1962 ista
475 1909 553 1963 non
585 1883 709 1978 fiant,
737 1881 798 1961 sed
821 1885 1060 1962 necessarium
1077 1885 1154 1976 est,
1181 1885 1283 1984 quod

246 1979 427 2061 habilitat
455 1986 500 2062 ad
516 1983 580 2062 illa
600 1982 774 2078 deficiat,
801 1989 838 2063 dt
853 1983 1034 2076 facultas,
1061 1984 1166 2081 quod
1185 2009 1285 2060 nuu-

247 2108 362 2182 quant
388 2083 462 2158 esse
494 2085 635 2178 poterit
665 2080 884 2178 ficapiatrtr
922 2087 978 2160 via
1024 2084 1194 2160 Concilii
1224 2086 1283 2158 vel

246 2184 412 2275 eligatur
425 2177 588 2260 formula
610 2181 878 2276 Compromifft
893 2241 904 2264 ,.
933 2181 1182 2280 usqueadeo
1199 2183 1282 2279 qui·

246 2282 336 2358 dem
369 2285 537 2377 corrupti
566 2281 654 2358 sunt
680 2307 828 2372 utores,
856 2283 972 2362 &illa
1000 2303 1083 2356 vere
1113 2280 1285 2358 sandica·

245 2380 298 2456 tis
319 2377 543 2475 integritas,
567 2406 685 2479 ,quam
703 2382 748 2456 de
767 2379 893 2476 prifcis
912 2382 1093 2475 legimus,
1108 2383 1283 2476 evanuit,

250 2478 400 2558 &adeo
427 2476 742 2556 fervetavaritiae
767 2483 948 2573 rapacitas
966 2533 977 2571 ,
1005 2485 1050 2558 ἃ.
1065 2477 1209 2556 affeetu
1227 2483 1283 2556 lu-

243 2575 329 2670 cri,
355 2579 464 2673 quod„
483 2582 545 2654 vix
569 2574 706 2672 poffint
738 2581 1107 2671 ctiatitprivatorutn
1125 2579 1279 2672 iudicia,

245 2678 308 2750 vel
331 2675 564 2768 publicarunt
591 2699 720 2751 rerum
743 2675 1031 2772 disceptationes
1056 2679 1139 2754 hoc.
1157 2673 1282 2770 suspi-

248 2771 370 2848 cionis
404 2769 580 2868 scrupulo
604 2775 745 2850 munda
776 2779 897 2852 credi.
923 2775 1057 2852 Nimis.
1077 2778 1181 2866 enim
1222 2801 1282 2850 ve·

180 2903 192 2929 x
246 2895 335 2946 rum
366 2871 419 2948 est
450 2875 641 2966 poet-icum
665 2874 782 2949 illud.
808 2871 1007 2966 Munera,
1034 2877 1144 2954 crede
1185 2873 1281 2948 milri

241 2973 395 3066 placant
426 2969 705 3069 hominesque,
732 2971 936 3072 Deosque.
961 2973 1142 3052 Placatur
1167 2973 1281 3048 donis

247 3068 428 3162 Iuppiter
451 3068 531 3164 ipse
565 3072 690 3148 datis.
731 3071 784 3149 Et
812 3075 913 3170 quod
930 3097 1015 3168 ,ego
1057 3076 1286 3148 iuvenculut

244 3170 389 3243 cecini.
417 3167 511 3246 Non
538 3195 633 3267 opus
658 3170 710 3247 est
747 3173 811 3246 illi.
829 3171 1003 3267 digesto,
1026 3178 1085 3248 vel
1115 3171 1244 3248 codice
1270 3221 1284 3266 ,

246 3283 317 3362 pro
346 3291 424 3364 quo
444 3265 580 3346 Gratia
604 3273 765 3362 venalis,
788 3275 847 3346 vel
865 3275 961 3347 clam
986 3273 1206 3348 declamitat
1222 3295 1286 3346 au·

247 3389 359 3440 rum.
386 3366 548 3443 Accedit
573 3369 617 3444 ad
648 3367 763 3460 haec,
790 3371 1020 3468 quodetiam
1049 3370 1089 3444 p
1105 3393 1192 3445 vera
1209 3371 1288 3444 cla-

120 3462 126 3472 '
246 3464 747 3562 raqueiustiriaredimatut,
770 3472 1078 3565 quumomnium
1094 3466 1284 3561 cupiditas

246 3566 392 3655 expleti
412 3589 492 3639 non
519 3563 652 3659 poffit,
682 3569 785 3666 quod
809 3571 874 3665 qui
905 3569 1003 3644 nihil
1019 3621 1034 3662 ,
1067 3571 1125 3642 vel
1156 3567 1286 3642 minus

242 3660 394 3738 alsecuti
414 3660 543 3757 ¹sunt,
571 3665 671 3760 quod
704 3663 903 3763 sentiant,
943 3673 1002 3743 vel
1026 3668 1213 3759 credant,
1239 3665 1287 3742 ad

250 3763 344 3842 alios
357 3761 428 3844 elle
441 3765 615 3844 delatum
631 3789 902 3864 murmurant,
924 3769 1126 3859 clamant,
1153 3772 1188 3846 dt
1222 3769 1285 3842 de·

1095 3883 1238 3959 'tegen-
