2786 4822
925 373 1031 430 ‚xxm

39 480 144 578 litari
160 537 168 556 .
184 477 316 559 Verum
326 481 372 558 de
385 475 762 576 bacreaudicndusjtll
776 481 883 558 etiam
898 478 1070 558 ClLud.

37 581 192 658 Anton.
222 579 488 673 Mummius,
506 579 567 676 qai
578 579 674 656 Tam.
686 604 722 676 4.
737 581 863 678 Antiq.
881 579 971 656 Ital.
996 577 1077 656 Me·

37 677 93 783 dii
128 685 210 758 aevi
246 677 479 776 deffertarionc
511 675 628 757 LIII.
657 679 742 758 hacc
772 677 875 756 babet
892 706 906 755 .·
940 680 1076 782 Quum

40 799 133 876 tero
164 781 340 856 militaris
367 775 512 876 cinguli
552 781 794 880 mentionem
832 779 933 876 apud
972 799 1076 854 vete·

40 903 98 956 res
139 881 427 976 comperimus„
463 903 543 954 uon
574 875 680 954 aliud
710 877 863 954 videtur
892 902 1076 974 peream
1140 931 1142 940 ·

39 1001 174 1056 vocem
193 973 424 1076 fignificari,
451 971 520 1051 nili
538 970 681 1068 Ensem
697 970 716 1074 ,'
741 1001 818 1076 quo
851 973 1076 1079 cingebatur
1108 1021 1115 1034 ·

65 1072 212 1176 uisquis
253 1076 302 1155 ad
346 1073 536 1156 honorem
577 1075 737 1155 militiae
776 1073 1076 1152 admittebatur.

38 1103 222 1253 briliure
253 1177 508 1276 Cingulum,
547 1197 616 1254 aut
653 1173 869 1274 Cingulum
887 1173 890 1180 ⁴
907 1173 1078 1252 Mrlrtrac

40 1299 122 1354 non
156 1269 276 1354 semel
313 1277 482 1355 occurrit
522 1276 565 1350 in
610 1273 754 1354 Codice
784 1269 1075 1356 Theodofiano.

40 1367 214 1474 vetustis
245 1395 377 1452 autem
403 1369 562 1452 saeculis
586 1375 705 1452 latior
742 1373 857 1450 huius
886 1375 989 1451 vocis
1031 1369 1078 1448 sr-

39 1467 241 1573 gnificatio
270 1465 346 1550 fuit
362 1525 376 1566 ,
406 1467 818 1574 quum'quoscumquc
848 1473 991 1548 milites
1018 1472 1076 1545 in·

40 1573 217 1667 dicaret,
243 1569 319 1649 five
351 1597 483 1672 equo,
523 1567 597 1648 srvc
637 1571 792 1670 pedibus
832 1571 1075 1649 militarent.

25 1669 137 1750 'Non
172 1673 274 1748 idem
302 1665 380 1748 fuit
414 1667 572 1749 saeculis
598 1669 828 1750 barbaricis.
860 1669 909 1747 In
935 1671 1012 1770 vita
1036 1669 1074 1748 S.

39 1767 253 1867 Authperti
281 1766 556 1848 Vulturncnsrs
583 1769 772 1868 Abbatis,
796 1797 892 1850 aevo
934 1769 1073 1850 Caroli

40 1867 180 1966 Magni
213 1923 244 1968 „
277 1869 437 1966 plurimi
474 1871 640 1948 err-aula
678 1871 780 1967 regia
806 1869 1070 1967 militiae-cin-

39 2021 74 2068 „
102 1973 240 2064 guium
273 1968 547 2068 deponentes,
577 1972 618 2044 in
649 1967 785 2048 Sandlo
809 1963 1013 2068 'propofito
1036 1966 1074 2070 ei

39 2123 75 2168 „
100 2071 125 2164 (
142 2069 376 2164 Authpcrto
408 2063 426 2164 )
469 2063 748 2146 adhaeserunt.
775 2067 849 2148 Sed
871 2067 1074 2164 praecipue

37 2167 123 2268 poll
146 2167 340 2246 decimum
360 2191 398 2268 =a,
424 2165 585 2267 ¹Christo
607 2191 700 2245 nato
720 2165 944 2270 saeculum,
975 2161 1072 2242 Cin·

69 2269 122 2346 uli
149 2265 327 2346 militaris
360 2290 503 2364 nomen
528 2321 542 2361 ,
571 2263 608 2344 dt
639 2267 766 2344 honor
804 2266 989 2365 pertinuit
1019 2266 1068 2342 ad

37 2289 202 2470 {quites
231 2359 407 2460 nobiles,
434 2363 639 2466 dequibus
665 2371 769 2442 nunc
795 2365 905 2464 nobis
922 2361 1078 2452 sermo.

115 2464 197 2565 'Et
228 2459 372 2560 harum¹
400 2459 490 2541 sanc
526 2459 770 2563 frequentior
815 2465 963 2538 mentio
1008 2489 1070 2542 oc·

44 2567 162 2643 currit
179 2565 294 2666 ,apud
324 2561 540 2666 Historicos'
565 2556 720 2658 Italicos
748 2615 762 2656 ,
803 2561 1067 2655 Germanos,

44 2665 256 2760 Francos,
294 2661 538 2766 Britannos,
585 2657 667 2766 post
718 2661 878 2764 Annum
925 2659 1071 2737 Chrilli

46 2759 320 2857 millesimum,
353 2763 442 2862 quia
472 2787 531 2838 res
554 2764 686 2864 peragi
721 2785 816 2840 tunc
846 2785 983 2857 coepta
1014 2757 1069 2839 est

44 2861 191 2948 direrfis
207 2889 293 2962 ,vac
318 2855 595 2960 illustrioribus
624 2858 791 2957 ritibus,
814 2953 816 2958 ι
838 2858 954 2964 qiram
1000 2861 1070 2960 qui

43 2963 140 3060 apud
172 2986 317 3040 veteres
347 2955 659 3054 adhibebantur,
690 2961 760 3036 dte.
807 2959 968 3039 Ceterum
1012 2962 1072 3058 qui

42 3091 108 3142 rem
134 3065 226 3138 hanc
243 3059 359 3162 fufius
382 3057 560 3162 capiorarc
588 3055 705 3154 velit,
735 3057 930 3136 laudatam
959 3053 1081 3154 consu«.

43 3165 96 3240 lar
125 3160 428 3350 cxci-effationem,
456 3186 543 3266 quac
557 3151 727 3262 singulari
756 3161 862 3260 plant
876 3159 1072 3238 ‘eruditione

42 3285 217 3340 rectae
261 3317 270 3334 .
430 3332 437 3340 .
835 3285 836 3288 ’
905 3279 907 3285 ’
943 3292 945 3296 ·
1039 3287 1045 3306 ”

61 3261 105 3360 cf
137 3351 299 3458 Epistola
333 3351 528 3434 LXVIII.
557 3350 726 3454 iuscripta
749 3354 794 3448 all
814 3357 996 3452 Astorgio
1024 3352 1072 3430 de

47 3457 290 3552 Manfrcdis,
321 3462 380 3555 qui
466 3453 691 3536 ,Florentinis
713 3453 967 3542 Granariolum
995 3463 1075 3550 agri

43 3557 235 3638 Favorini
268 3557 304 3635 C
306 3549 387 3644 asiel
402 3583 467 3637 um,
487 3573 715 3652 occupaverat
732 3582 746 3634 .·
776 3553 955 3650 Domino
985 3552 1071 3632 Bel-

44 3663 179 3738 tranoo
207 3646 380 3734 Alidofio
400 3652 459 3732 de
492 3652 617 3732 Imol'a
639 3683 655 3752 a¹
684 3659 721 3736 dt
757 3651 936 3747 Domino
966 3651 1067 3732 Sini-

42 3753 215 3866 baldudc
226 3749 460 3866 Ordelaffis,
476 3749 758 3912 {ulfflmlm
778 3781 860 3835 vero
885 3750 1075 3931 Balgallar

294 3871 301 3890 fl
361 3869 372 3888 ‘r
581 3875 609 3952 4
846 3859 853 3876 ⁸
983 3880 1019 3930 r.
1036 3884 1042 3894 ·
