2826 4814
391 400 463 476 116
609 393 828 474 Cotoerr
853 391 1129 472 Saturrrr

340 541 378 599 te
403 529 425 614 ‚'
458 513 640 614 nobisque
687 517 955 610 temporalibus
992 511 1240 618 defendendis
1276 549 1292 604 ·‚
1327 511 1364 588 dt

340 645 405 696 vos
435 621 476 694 in
505 642 545 692 te
570 617 668 692 tanti
699 618 886 710 periculi,
920 641 1061 713 quaeve
1098 612 1221 690 fuerat
1249 635 1362 688 non...

340 718 566 812 temporalia
597 713 750 808 solum,
783 712 846 791 sed
887 715 1094 811 spiritualia
1133 713 1365 798 turbatura,

340 840 418 894 tam
449 811 715 905 effeminatos,
740 819 777 893 dt
806 814 962 910 pavidos
992 811 1232 909 praebuistis,
1262 809 1365 906 quod

340 913 622 1012 nullunq'uum
637 914 676 986 in
694 915 800 988 locis'
817 910 1010 991 tutissimis.
1024 909 1144 988 essetis
1160 917 1235 1007 ,th
1263 907 1366 984 unde

339 1013 469 1110 potius
497 1016 579 1088 aliis
611 1017 789 1088 timorem
820 1015 991 1088 incutere
1012 1013 1224 1106 poteratis,
1280 1027 1366 1082 uam

339 1113 524 1186 deseretis
552 1133 675 1188 metus
704 1109 1136 1207 illiusperseveranciam
1164 1033 1362 1196 exhibere,

339 1213 440 1288 hanc
468 1207 689 1304 patefecerit
722 1215 948 1287 veritatem.
975 1209 1057 1286 Cur
1089 1231 1168 1284 non
1198 1211 1244 1281 de
1279 1208 1395 1279 locis

341 1311 435 1401 illis,
451 1333 571 1404 quum
587 1305 782 1386 fervebant
812 1307 888 1404 ipsa
913 1311 1104 1404 principia·
1112 1303 1367 1402 ‚vquisquams

340 1406 506 1484 uestrum
525 1409 752 1500 veritatem,
778 1434 893 1508 quam
924 1407 1002 1500 post
1030 1430 1088 1484 tot
1102 1401 1366 1480 diffimulatio·

342 1528 439 1596 nes,
464 1510 501 1583 dt
531 1506 630 1582 auus
663 1513 873 1582 contrarios
914 1505 1172 1603 praetendistis
1216 1500 1377 1578 autibus.

339 1608 456 1680 etiam
482 1605 612 1680 audire
643 1608 858 1681 volentium
887 1607 1061 1681 intonuit
1078 1609 1151 1696 ,dt
1181 1595 1364 1696 ingesfit?

340 1702 422 1778 Sed
441 1699 531 1778 haec
546 1703 792 1781 omittamus:
819 1703 1005 1798 deplorari
1029 1703 1182 1800 quidem
1198 1699 1364 1792 poliunt,

342 1799 644 1892 &reprehendi3
670 1815 749 1876 non
781 1805 943 1898 corrigi.
968 1799 1265 1884 Consideremus
1303 1821 1365 1872 au·

341 1921 422 1992 rem
447 1899 590 1974 statum
607 1919 765 1992 terum,
790 1905 826 1979 dt
845 1900 1112 1976 lacrimabilem
1127 1896 1268 1992 Gregis
1284 1889 1366 1968 Do·

340 1997 473 2074 minici
497 1998 772 2092 conditionem.
789 1997 895 2074 nobis
924 2001 1014 2076 an'te
1057 2000 1197 2074 mentis
1236 1996 1366 2070 oculos

336 2112 617 2188 proponamus,
647 2094 822 2194 Vidimus
855 2122 971 2194 atquc
1001 2097 1170 2172 videmus
1206 2097 1283 2168 due
1310 2117 1367 2165 ca·

338 2194 417 2288 pita
442 2195 482 2268 in
510 2217 622 2268 umca
641 2193 784 2288 Sponsa
816 2195 978 2276 Christi.
1020 2196 1204 2272 Videmus
1248 2210 1367 2282 tegna
1407 2239 1408 2281 3

340 2289 471 2386 scissa,
504 2292 631 2372 uthos
659 2295 1003 2386 Urbanistaninos
1031 2288 1367 2369 Clementinosdi-
1407 2291 1408 2377 l

339 2415 423 2465 cete
441 2397 650 2468 valeamus·
674 2391 1036 2484 Heincflermania,
1051 2393 1238 2481 Britaniau
1253 2411 1368 2483 quam

337 2486 521 2582 Angliam
553 2512 689 2566 vocant
707 2545 719 2585 ,
745 2519 857 2592 atque
898 2493 1098 2570 Pannonia
1132 2481 1367 2583 recognoscit

339 2586 544 2666 Urbanum
562 2644 570 2658 .
586 2627 590 2658 ε
605 2589 946 2669 IndeGalliarum‘
972 2587 1135 2666 uniuersi
1163 2585 1291 2676 fines,
1331 2589 1366 2661 dt
1406 2597 1407 2630 l

331 2687 464 2784 *omnis
491 2681 677 2779 Hispania
705 2685 1066 2781 seadeterminavlt,
1092 2688 1262 2781 tulitque
1288 2681 1366 2758 sen·
1405 2773 1406 2776 Ἴ

336 2783 504 2862 tentiam
533 2809 597 2877 per
625 2783 895 2866 Clementem:
926 2783 1145 2864 Miserrime
1164 2807 1256 2858 veto
1288 2783 1363 2858 Ita·
1405 2845 1406 2883 Ξ

340 2885 393 2958 lia
418 2883 531 2958 etiam
557 2885 597 2956 in
619 2883 714 2959 baec
730 2887 808 2966 duo
830 2889 954 2980 capita·
974 2882 1074 2960 scissa
1093 2881 1166 2960 est.
1193 2883 1280 2958 Nec
1300 2906 1363 2974 pu·

331 3005 379 3065 ,1¹0
408 3003 536 3062 tamen
560 3005 723 3076 omnes,
755 2983 846 3062 sicut
872 2986 1014 3080 primae
1041 2981 1131 3058 scuit
1164 2985 1363 3069 nationes,

336 3077 588 3170 Pontificibus
613 3077 687 3154 suis
704 3084 918 3162 inhaerent.
934 3081 1089 3160 Nam&
1105 3079 1361 3168 Gallicorum,
1404 3099 1405 3136 l

329 3183 374 3256 'dt
390 3173 652 3276 Hispanorum
679 3182 793 3279 aliqui
818 3183 977 3258 credunt
995 3179 1178 3273 Urbano,
1206 3177 1362 3250 Germa·

209 3361 215 3370 .
340 3277 492 3372 uicique
522 3275 748 3370 Clementi,
782 3303 902 3376 eoque
932 3303 989 3354 res
1019 3279 1172 3354 dednua
1202 3278 1285 3369 eli,
1322 3295 1363 3347 ut

332 3373 497 3468 quilibet
526 3375 585 3448 illi
613 3377 823 3452 crediturus
854 3375 923 3452 effe
949 3377 1120 3452 videatur
1145 3403 1166 3450 a
1190 3385 1266 3472 quo
1283 3375 1365 3467 plus
1403 3357 1404 3389 ¹

269 3565 278 3572 „
328 3475 601 3577 “emolumenti
633 3478 815 3566 receperit
845 3529 858 3568 ‚
898 3477 934 3556 dt
965 3475 1151 3550 honoris.
1191 3469 1364 3577 Qtilibet
1402 3547 1403 3554 χ

327 3571 546 3674 evasione,
575 3575 612 3649 dt
639 3572 838 3648 ambitioni
869 3572 1015 3650 ssudet.
1037 3573 1119 3656 Dei
1142 3572 1288 3661 timor,
1327 3575 1362 3644 dt
1402 3563 1403 3643 l

317 3665 594 3764 [conscientiae
636 3669 821 3746 reuinrdo
873 3671 1054 3765 prostrata
1084 3675 1218 3762 iacet,
1257 3669 1363 3742 cuius
1401 3727 1402 3751 ;

331 3765 436 3861 ¹tlptld
453 3769 654 3852 ,mortales
679 3792 758 3846 tam
785 3763 905 3850 facilis
931 3769 990 3848 esl-
1011 3769 1181 3862 insitire,
1220 3790 1362 3866 quarm

439 3891 441 3896 ’
743 3903 746 3910 ·
1257 3891 1319 3941 cu-
