2860 4828
208 475 211 482 .
336 402 796 489 ‘tarraconam
992 401 1040 506 ἐγ

77 529 155 612 tum
176 525 449 614 Saneiiistmum
474 529 699 610 nuntiastis.
740 525 936 611 Debuistic
964 557 1012 610 ne
1046 539 1089 614 in
1128 589 1131 596 ,

79 653 217 710 tanturn
244 656 413 710 errorem
442 632 630 710 mundum
658 629 869 708 inducere?
910 639 948 716 dt
985 637 1090 732 quod

78 755 148 810 non
171 753 300 806 verum
318 741 582 809 veneraremur
597 731 826 810 Pontificem
841 732 1092 828 persuadere?

79 831 114 906 Si
133 851 235 904 verus
262 825 451 910 Pontifex
476 855 555 908 non
582 853 663 908 erat
678 881 693 925 ,
717 853 784 909 cur
819 829 865 908 ab
902 831 985 928 ipso
1021 857 1090 927 pro

78 927 190 1023 robis,
215 930 401 1009 &velitis
424 927 699 1025 familiaribus,
726 938 764 1017 δι
790 931 920 1008 amicir
950 930 1091 1026 suppli.

78 1031 225 1104 cationes
249 1025 458 1106 offerentes
478 1027 698 1124 beneficia,
725 1036 765 1112 dt
797 1032 937 1124 gratias
969 1031 1090 1126 impe*

78 1121 214 1205 trallis?
235 1129 303 1204 An
317 1130 440 1208 etiam-
463 1127 537 1205 hoc
560 1152 627 1206 vor
650 1125 773 1205 facere
786 1132 975 1222 ,clament
999 1184 1012 1226 ‚
1051 1135 1091 1214 dt

78 1246 224 1304 armann
240 1227 415 1324 Populus
437 1217 723 1324 compellebat?
739 1227 828 1305 Cur
850 1233 887 1310 dt
916 1229 963 1304 dc
987 1228 1091 1305 vobis

79 1326 178 1424 aliqui
205 1323 439 1420 dignitatum
463 1319 617 1404 suarum
642 1328 777 1406 titulos
801 1329 910 1405 iuxta
939 1317 1091 1408 conces-

79 1421 203 1501 fionem
239 1422 403 1522 praefati
427 1421 636 1506 ¹'i’ontificis
654 1481 656 1486 -
674 1421 954 1503 mutaverunt?
989 1429 1042 1504 Et
1063 1423 1091 1502 fi

79 1517 243 1602 Pontifex
269 1547 362 1603 oon·
381 1525 463 1618 est,
489 1521 687 1624 postquam
703 1523 827 1602 fuistis
852 1525 1092 1620 Anagniae,

78 1646 174 1720 quern
192 1625 320 1702 locum
347 1626 408 1702 uti
429 1621 657 1701 tutiffimum
682 1623 844 1718 elegistis
863 1650 956 1718 ,cur
975 1649 1089 1704 non..

81 1723 119 1798 cd
133 1723 264 1817 primos
282 1724 423 1802 titulos
450 1715 672 1818 redierunt?
697 1723 782 1896 Sur
796 1771 810 1816 ,
837 1721 984 1820 srPapa
1011 1747 1092 1800 non

82 1843 173 1914 crat,
195 1821 399 1900 abeodem
424 1823 588 1917 eligendi
615 1818 714 1901 conf
730 1823 889 1917 liorem,
926 1824 991 1922 qui
1015 1842 1091 1900 xverr

81 1919 266 2014 plenissime
291 1913 519 2024 ¹absolveret
561 1899 756 2000 licentirin
778 1943 846 2016 pet
877 1924 957 1999 eius
987 1924 1092 1999 litte·

81 2041 128 2094 raa
147 2013 396 2115 impetrastis?
418 2017 503 2096 ‘Cur
525 2021 642 2099 etiam
657 2005 743 2096 “hirc
774 2022 895 2115 gratia
922 2024 962 2096 in
1003 2019 1093 2099 foro
1143 2081 1146 2088 ⁴

82 2122 317 2210 poenitentiae
342 2119 582 2218 pluries-eliis
601 2115 684 2198 usa?
707 2117 983 2215 Repugnantia
998 2119 1092 2198 sunt

82 2213 182 2314 brec,
203 2223 240 2299 dt
256 2212 413 2316 prorsus
433 2217 760 2316 incompatibilia,
787 2223 825 2298 dr
844 2219 986 2294 nedum
1017 2219 1087 2292 mi-

82 2318 175 2394 randa
201 2318 241 2393 in
265 2319 389 2396 tantis
416 2317 505 2391 viris·
518 2369 533 2412 ‚
551 2315 623 2392 'sed
651 2318 843 2409 dolenda,
870 2319 1012 2391 nedum
1028 2316 1092 2396 da·

84 2419 244 2510 munda,
270 2414 339 2493 sed
354 2416 500 2494 cubilis
523 2413 696 2492 fidelibus
725 2414 959 2491 abhorrenda
972 2467 989 2488 a
1008 2415 1091 2491 De-

85 2514 222 2612 niquefi
244 2519 352 2612 Papa
374 2531 454 2594 'non
473 2519 578 2608 erat,
604 2511 633 2590 fi
665 2535 770 2591 totus
796 2513 927 2608 orbis,
960 2519 1091 2593 &om·
1144 2591 1148 2596 .

85 2612 128 2684 nis
157 2613 327 2694 fidelium
365 2613 579 2693 multitudo
615 2636 702 2690 cum
738 2615 953 2690 animarum
990 2616 1089 2708 peri·

86 2716 155 2790 culo
168 2711 230 2791 sub
254 2715 332 2794 hoc
357 2739 441 2798 non
462 2737 552 2792 vero
576 2711 765 2795 Pontifice
781 2711 1000 2805 narrabatur,
1018 2735 1086 2788 cur

87 2827 174 2892 nato
196 2833 369 2910 tempore
392 2811 647 2892 dormivistis?
672 2812 737 2886 An
766 2833 845 2904 tam
862 2807 945 2888 sero·
960 2811 1091 2888 debuit

88 2905 215 2988 vestrae
242 2915 503 2994 Reverentiae
530 2917 667 2991 caritas
709 2907 906 2988 excitari?
937 2911 1089 2994 Sutrini⁴

91 3009 184 3086 culosi
207 3015 378 3090 nimium·
402 3009 516 3106 estis,
542 3015 607 3112 qui
627 3025 704 3088 tarn
724 3011 788 3084 diu
804 3033 889 3084 cum
905 3009 973 3084 tali
988 3030 1092 3084 mor·

90 3097 121 3178 su
137 3108 382 3192 conscientiae
404 3111 447 3185 in
469 3110 761 3189 continuatione
777 3103 931 3204 soporis
946 3129 1091 3182 recum·

88 3195 154 3282 bere
172 3209 366 3304 potuistis.
385 3209 673 3312 §aveteautem
689 3223 769 3301 ‚ne
797 3209 837 3279 in
863 3207 976 3282 huius
1004 3206 1091 3280 dor·

91 3305 243 3383 ditionii
273 3306 416 3386 vestrae
434 3311 666 3405 negligentia
691 3301 970 3381 somniaverint
994 3323 1092 3402 quac
1154 3363 1157 3370 .

89 3419 171 3478 nunc
187 3433 320 3506 ,quam
336 3411 540 3505 experreul
553 3431 565 3501 3
580 3411 714 3488 contra
730 3397 871 3480 Christi
890 3405 1093 3481 vicarium

89 3496 276 3586 alienans.
304 3509 344 3588 Ο
368 3527 500 3604 repens
524 3505 741 3585 sollicitudo
774 3503 821 3580 ad
850 3493 1009 3582 salutem
1047 3501 1092 3578 fi*

89 3594 237 3682 delium!
259 3609 298 3687 0
328 3603 464 3704 frigida
489 3599 744 3685 conscientia!
772 3604 810 3680 Ο
841 3597 964 3698 segnia
1002 3606 1094 3712 entia

91 3699 158 3778 tn!
177 3707 216 3784 Ο
241 3727 393 3790 mortua
409 3707 533 3803 'fidcsj
553 3705 656 3886 gnae
684 3697 814 3802 potiit
845 3703 885 3779 in
902 3723 1013 3815 tanto
1030 3721 1096 3792 pra

143 3837 177 3848 -’
615 3823 637 3906 3
943 3823 1045 3875 ncu-
