2826 4814
298 397 319 466 ἰ
377 395 831 479 Errsnosar.
958 331 1092 494 ··7³

103 523 224 700 Q
254 521 282 600 st
310 521 443 606 seceris
458 579 473 623 ,
499 550 545 608 ut
573 555 595 606 a
624 528 700 615 fide
738 526 862 621 digno
901 525 1141 622 percepimus

100 621 233 717 ioum
256 622 514 708 infallibiditet
541 631 696 724 agitere-
723 649 789 703 vos
825 627 918 704 totis
953 621 1141 710 affectibus

102 724 379 819 deprecamur,
406 751 594 825 quotenus
607 740 661 809 'ea¹
676 730 719 804 in
736 752 820 808 enm
841 748 1006 821 partem,
1024 749 1142 826 quam

97 821 263 914 debetis,
282 828 483 918 prudentia
499 824 610 908 solies
621 851 858 922 reputantes,
873 821 900 900 fi
917 828 1055 922 placet,
1071 849 1139 907 no·

101 921 158 998 bie
184 919 396 1014 dignemini
419 950 486 1022 per
499 928 642 1008 ,vestras
667 931 812 1006 litteras
840 926 1057 1018 intimare,
1093 945 1141 1002 ut

102 1021 233 1134 sinent,
257 1025 393 1102 uetitas
410 1022 568 1106 confina
585 1027 812 1120 mendacia,
839 1030 876 1106 dt
899 1017 977 1122 ipse
993 1043 1007 1118 ;
1042 1021 1141 1102 stent

99 1121 197 1197 tana
229 1123 513 1206 machinantem
540 1127 649 1204 decet
664 1145 682 1218 5.
704 1150 791 1204 cum
822 1124 968 1219 pudore
1002 1125 1042 1200 in
1072 1119 1141 1204 sus

98 1220 254 1302 malitia
280 1221 562 1306 confundatur.
589 1226 742 1306 Dttutn
771 1224 993 1312 Florentiae
1032 1221 1134 1316 die,

99 1339 204 1398 xvir.
229 1317 367 1402 Martii
392 1345 463 1405 nu.
480 1323 629 1404 ‚Indisb

502 1559 729 1699 ,xxx-

313 1858 316 1866 ’
391 1841 735 1926 PRAEFECTO
751 1897 759 1918 .
778 1836 840 1942 (1)
1084 1961 1089 1972 Ι

92 2025 322 2300 ILlustris
348 2035 385 2112 dt
405 2029 611 2128 Magnifice
635 2030 835 2126 Domine,
861 2023 999 2106 Frater
1013 1967 1134 2104 'samse

188 2127 302 2205 sime-c
328 2131 718 2225 Recepimuslitterss
734 2129 896 2221 vestras,
918 2151 1012 2228 quas
1028 2125 1136 2206 nobis

180 2227 474 2328 strenuusmiles
483 2230 681 2308 Dominus
691 2227 855 2324 (2)Vuls
858 2227 1022 2304 fideliter
1031 2248 1137 2322 prae·

96 2325 267 2403 scotavit
282 2381 297 2422 ,
325 2327 413 2406 satis
440 2334 601 2429 querulo
628 2326 866 2422 defignan'tes
896 2325 1034 2403 statum
1051 2348 1135 2420 par·

96 2425 229 2518 rium,
258 2423 574 2524 &indigentiam
597 2429 774 2524 gentium
802 2449 917 2525 quem
959 2423 1133 2503 habetisr

93 2521 235 2620 quibus
264 2526 428 2604 breviter
460 2526 733 2624 respondemus
771 2526 874 2624 quod
912 2523 1135 2622 Dominum

98 2619 271 2703 Vulfum
294 2629 467 2704 celeriter
498 2633 767 2721 remittemus,
795 2630 833 2705 br
859 2625 906 2701 de
937 2623 1135 2720 pecunia„

92 2747 165 2816 pro
175 2724 262 2798 aliis
278 2747 397 2822 ,quos
408 2725 554 2802 habetis
567 2775 581 2819 ‚
593 2727 723 2804 taliter
736 2723 789 2801 est
800 2720 1009 2820 provisum,
1024 2723 1131 2825 quod

91 2818 196 2916 ipsos
223 2820 406 2900 habebitis
430 2827 701 2924 aequitantes,
739 2827 776 2902 dt
803 2845 849 2898 ut
878 2819 1070 2918 sp'eramus
1086 2826 1159 2904 dt·

94 2923 279 3000 volumus
295 2921 592 3022 ‚obsequentcs.
621 2920 779 3030 Quodsi
794 2923 841 2998 de
869 2921 1028 3017 pecunia
1052 2943 1133 2996 non

93 3016 171 3100 suit
190 3019 372 3098 haetenus
404 3025 656 3117 ordinatum,
682 3017 809 3098 solum
843 3041 1004 3116 propter
1037 3015 1133 3096 ciffi·

93 3126 300 3200 cultatem·
315 3123 479 3218 contigit
505 3118 830 3200 transmittendi.
857 3119 975 3196 Nunc
1000 3138 1133 3196 autem

92 3223 191 3297 siam
211 3222 431 3298 invenimus
456 3243 660 3320 perquam
684 3219 841 3314 pecunia
867 3241 945 3295 non
963 3213 1130 3313 deficiet,

92 3316 154 3400 sed
183 3317 385 3398 habebitur
412 3343 503 3400 ante
532 3341 705 3418 tempus.
722 3319 870 3420 ¹Unum
896 3317 1054 3394 interim
1080 3317 1129 3393 li⁴

143 3457 153 3470 ·
199 3460 205 3466 -
1021 3434 1078 3490 te·

91 3573 1120 3632 *nm—w

99 3669 148 3752 (s)
168 3674 268 3734 Haec
287 3666 431 3757 Epistola
453 3666 584 3753 scripta
640 3667 692 3754 (2)
722 3669 770 3732 Ex
792 3667 993 3758 cognomine
1019 3661 1125 3746 adpa-

133 3753 179 3822 est
201 3754 312 3822 eidem
349 3753 511 3838 Praefesso
544 3753 586 3819 de
679 3769 764 3825 ret,
789 3751 874 3816 hunc
908 3751 1054 3816 militem
1083 3765 1125 3810 ex

134 3843 227 3912 Vico,
251 3842 305 3905 cui
329 3837 517 3928 superiores
541 3843 582 3904 E·
606 3877 615 3906 ι
678 3839 865 3908 Germania
901 3831 1121 3904 descendere.

136 3922 276 4014 pisidiae
294 3923 444 4015 scriptae
464 3924 558 3992 sunt.
603 3907 614 4003 Ι

1399 3323 1401 3445 i
